[gd_scene load_steps=4 format=2]

[ext_resource path="res://Cube_solve.gd" type="Script" id=1]
[ext_resource path="res://Rubik's_cube.tscn" type="PackedScene" id=2]
[ext_resource path="res://Camera_Controller.gd" type="Script" id=3]

[node name="Spatial" type="Spatial"]
script = ExtResource( 1 )

[node name="Rubik\'s_cube" parent="." instance=ExtResource( 2 )]
transform = Transform( -1, 0, -8.74228e-08, 0, 1, 0, 8.74228e-08, 0, -1, 0, 0, 0 )

[node name="Camera_Controller" type="Spatial" parent="."]
script = ExtResource( 3 )

[node name="Camera" type="Camera" parent="Camera_Controller"]
transform = Transform( 1, 0, 0, 0, 1, 0, 0, 0, 1, 0, 3, 25 )

[node name="FaceList" type="ItemList" parent="."]
margin_left = 1194.63
margin_top = 5.68179
margin_right = 1276.63
margin_bottom = 125.682
hint_tooltip = "Double click a face to make it move."
items = [ "Yellow", null, false, "Orange", null, false, "Green", null, false, "White", null, false, "Red", null, false, "Blue", null, false ]
__meta__ = {
"_edit_use_anchors_": false
}

[node name="RotationSlider" type="HSlider" parent="."]
anchor_right = 0.279
anchor_bottom = 0.085
margin_right = 117.304
margin_bottom = -35.0
hint_tooltip = "Choose the angle you want the face to move towards."
max_value = 4.0
__meta__ = {
"_edit_use_anchors_": false
}

[node name="BtnRandom" type="Button" parent="."]
anchor_right = 0.084
anchor_bottom = 0.109
margin_left = 8.4949
margin_top = 31.1479
margin_right = -46.5211
margin_bottom = -14.2521
hint_tooltip = "Randomize the cube."
text = "Randomize"
__meta__ = {
"_edit_use_anchors_": false
}

[node name="BtnReset" type="Button" parent="."]
anchor_right = 0.084
anchor_bottom = 0.109
margin_left = 243.958
margin_top = 32.3371
margin_right = 219.438
margin_bottom = -13.0629
hint_tooltip = "Randomize the cube."
text = "Reset"
__meta__ = {
"_edit_use_anchors_": false
}

[node name="BtnCheckStart" type="Button" parent="."]
margin_left = 133.0
margin_top = 36.0
margin_right = 202.0
margin_bottom = 66.0
text = "Solve"
__meta__ = {
"_edit_use_anchors_": false
}

[node name="VSlider" type="VSlider" parent="."]
margin_left = 3.94388
margin_top = 94.9439
margin_right = 19.9439
margin_bottom = 447.944
max_value = 1.0
step = 0.005
value = 0.01
__meta__ = {
"_edit_use_anchors_": false
}

[node name="RichTextLabel" type="RichTextLabel" parent="."]
margin_left = 25.4847
margin_top = 189.719
margin_right = 65.4847
margin_bottom = 229.719

[node name="Label2" type="Label" parent="."]
margin_left = 128.0
margin_top = 199.0
margin_right = 228.0
margin_bottom = 249.0

[connection signal="item_activated" from="FaceList" to="Rubik's_cube" method="_on_FaceList_item_activated"]
[connection signal="value_changed" from="RotationSlider" to="Rubik's_cube" method="_on_RotationSlider_value_changed"]
[connection signal="pressed" from="BtnRandom" to="Rubik's_cube" method="_on_BtnRandom_pressed"]
[connection signal="pressed" from="BtnReset" to="Rubik's_cube" method="_on_BtnRandom_pressed"]
[connection signal="pressed" from="BtnCheckStart" to="." method="_on_BtnCheckStart_pressed"]
[connection signal="value_changed" from="VSlider" to="." method="_on_VSlider_value_changed"]
